<record xmlns:xsi="http://www.w3.org/2001/XMLSchema-instance" xmlns="http://www.loc.gov/MARC21/slim" xsi:schemaLocation="http://www.loc.gov/MARC21/slim http://www.loc.gov/standards/marcxml/schema/MARC21slim.xsd">

  <leader>00681nam a2200169Ia 4500</leader>
  <datafield tag="999" ind1=" " ind2=" ">
    <subfield code="c">2194</subfield>
    <subfield code="d">2194</subfield>
  </datafield>
  <controlfield tag="008">180712b2006    fr ||||| |||| 00| | spa d</controlfield>
  <datafield ind2=" " ind1=" " tag="090">
    <subfield code="a">16.01.01 </subfield>
    <subfield code="b">1423</subfield>
  </datafield>
  <datafield tag="110" ind1=" " ind2=" ">
    <subfield code="a">Organización de las Naciones Unidas para la Educación, la Ciencia y la Cultura</subfield>
    <subfield code="9">833</subfield>
  </datafield>
  <datafield ind1="1" ind2="0" tag="245">
    <subfield code="a">Construyendo la Educación para el Desarrollo Sostenible en América Latina: compartiendo experiencias / </subfield>
    <subfield code="c">Organización de las Naciones Unidas para la Educación, la Ciencia y la Cultura</subfield>
  </datafield>
  <datafield ind1=" " ind2=" " tag="260">
    <subfield code="a">Francia : </subfield>
    <subfield code="b">UNESCO, </subfield>
    <subfield code="c">2006</subfield>
  </datafield>
  <datafield tag="300" ind2=" " ind1=" ">
    <subfield code="a">150 páginas</subfield>
  </datafield>
  <datafield ind2="4" ind1="1" tag="650">
    <subfield code="a">DESARROLLO  SOSTENIBLE</subfield>
    <subfield code="9">443</subfield>
  </datafield>
  <datafield tag="650" ind2="4" ind1="1">
    <subfield code="a">EDUCACIÓN</subfield>
    <subfield code="9">1</subfield>
  </datafield>
  <datafield ind1="1" ind2="4" tag="651">
    <subfield code="9">4013</subfield>
    <subfield code="a">AMÉRICA LATINA Y EL CARIBE </subfield>
  </datafield>
  <datafield ind1=" " ind2=" " tag="942">
    <subfield code="2">z</subfield>
    <subfield code="c">04</subfield>
  </datafield>
  <datafield tag="942" ind2=" " ind1=" ">
    <subfield code="2">z</subfield>
  </datafield>
</record>